<?xml version="1.0" encoding="UTF-8"?><collection xmlns="http://www.loc.gov/MARC21/slim"><record><leader>00563nam--2200133-i-4500</leader><controlfield tag="001">000020092</controlfield><controlfield tag="002">20161230</controlfield><controlfield tag="005">20161230201033</controlfield><controlfield tag="008">060222s1000------------r-----000-0-eng-d</controlfield><datafield ind1=" " ind2=" " tag="080"><subfield code="a">681.785.23:543.51(043)</subfield></datafield><datafield ind1=" " ind2=" " tag="100"><subfield code="a">Del`Homme, Michel</subfield></datafield><datafield ind1=" " ind2=" " tag="245"><subfield code="a">Determination des trajectoires ioniques transgaussiennes dans une lentille magnetique blindee et application a la separasion des ions de masse faible. elaboration d`une source d`ions adaptee a ce mode de fonctionnement et possibilites d`utilisation a l</subfield></datafield><datafield ind1=" " ind2=" " tag="260"><subfield code="a">Poitires, Universite, 1975. 132 P</subfield></datafield><datafield ind1=" " ind2=" " tag="852"><subfield code="a">71098</subfield></datafield></record></collection>